<?xml version="1.0" encoding="UTF-8"?><collection xmlns="http://www.loc.gov/MARC21/slim"><record><leader>00537nam--2200193-u-4500</leader><controlfield tag="001">000055779</controlfield><controlfield tag="002">20161230</controlfield><controlfield tag="005">20161230201052</controlfield><controlfield tag="008">130417s1000------------r-----000-0-fre-d</controlfield><datafield ind1=" " ind2=" " tag="040"><subfield code="a">IFIN-HH</subfield></datafield><datafield ind1=" " ind2=" " tag="041"><subfield code="a">fre</subfield></datafield><datafield ind1=" " ind2=" " tag="080"><subfield code="a">51(083)</subfield></datafield><datafield ind1="1" ind2=" " tag="100"><subfield code="a">Papelier, G</subfield></datafield><datafield ind1="1" ind2="0" tag="245"><subfield code="a">Formulaire de mathematiques speciales</subfield><subfield code="b">Algebre, analyse, trigronometrie, geometrie analytique</subfield><subfield code="c">G. papelier</subfield></datafield><datafield ind1=" " ind2=" " tag="250"><subfield code="a">Quatriemem Edition</subfield></datafield><datafield ind1=" " ind2=" " tag="260"><subfield code="a">Paris</subfield><subfield code="b">Librairie Vuibert</subfield><subfield code="c">/F.An</subfield></datafield><datafield ind1=" " ind2=" " tag="300"><subfield code="a">208P</subfield></datafield><datafield ind1=" " ind2=" " tag="852"><subfield code="a">72058</subfield><subfield code="c">H.H</subfield></datafield><datafield ind1=" " ind2=" " tag="CAT"><subfield code="a">Sys</subfield><subfield code="c">20130417</subfield><subfield code="h">170734</subfield></datafield></record></collection>